% Bibliography of key references for "LaTeX for Thesis and Large Documents"
% For use with BibTeX

@inproceedings{DBLP:conf/mtsr/Tomaszuk16,
  author    = {Dominik Tomaszuk},
  title     = {{RDF} Data in Property Graph Model},
  booktitle = {MTSR16},
  pages     = {104--115},
  year      = {2016},
  url       = {https://doi.org/10.1007/978-3-319-49157-8_9},
  doi       = {10.1007/978-3-319-49157-8_9},
}

@inproceedings{DBLP:conf/sc/HongDMLVC15,
  author    = {Sungpack Hong and
               Siegfried Depner and
               Thomas Manhardt and
               Jan Van Der Lugt and
               Merijn Verstraaten and
               Hassan Chafi},
  title     = {{PGX.D:} a fast distributed graph processing engine},
  booktitle = {SC15},
  pages     = {58:1--58:12},
  year      = {2015},
  url       = {http://doi.acm.org/10.1145/2807591.2807620},
  doi       = {10.1145/2807591.2807620},
  timestamp = {Tue, 03 Nov 2015 13:08:57 +0100},
  biburl    = {http://dblp.uni-trier.de/rec/bib/conf/sc/HongDMLVC15},
  bibsource = {dblp computer science bibliography, http://dblp.org}
}

@inproceedings{DBLP:conf/sofsem/JakawatFL16,
  author    = {Wararat Jakawat and
               C{\'{e}}cile Favre and
               Sabine Loudcher},
  title     = {{OLAP} Cube-based Graph Approach for Bibliographic Data},
  booktitle = {SOFSEM16},
  pages     = {87--99},
  year      = {2016},
  url       = {http://ceur-ws.org/Vol-1548/087-Jakawat.pdf},
  timestamp = {Mon, 30 May 2016 16:28:37 +0200},
  biburl    = {http://dblp.uni-trier.de/rec/bib/conf/sofsem/JakawatFL16},
  bibsource = {dblp computer science bibliography, http://dblp.org}
}



@inproceedings{DBLP:conf/oopsla/Webber12,
  author    = {Jim Webber},
  title     = {A programmatic introduction to Neo4j},
  booktitle = {SPLASH12},
  pages     = {217--218},
  year      = {2012},
  url       = {http://doi.acm.org/10.1145/2384716.2384777},
  doi       = {10.1145/2384716.2384777},
  timestamp = {Fri, 19 Oct 2012 08:42:46 +0200},
  biburl    = {http://dblp.uni-trier.de/rec/bib/conf/oopsla/Webber12},
  bibsource = {dblp computer science bibliography, http://dblp.org}
}

@inproceedings{DBLP:conf/grades/Xirogiannopoulos17,
  author    = {Konstantinos Xirogiannopoulos and
               Virinchi Srinivas and
               Amol Deshpande},
  title     = {GraphGen: Adaptive Graph Processing using Relational Databases},
  booktitle = {GRADES17},
  pages     = {9:1--9:7},
  year      = {2017},
  url       = {http://doi.acm.org/10.1145/3078447.3078456},
  doi       = {10.1145/3078447.3078456},
  timestamp = {Tue, 18 Jul 2017 08:08:15 +0200},
  biburl    = {http://dblp.uni-trier.de/rec/bib/conf/grades/Xirogiannopoulos17},
  bibsource = {dblp computer science bibliography, http://dblp.org}
}

@inproceedings{DBLP:conf/semweb/HernandezHRRZ16,
  author    = {Daniel Hern{\'{a}}ndez and
               Aidan Hogan and
               Cristian Riveros and
               Carlos Rojas and
               Enzo Zerega},
  title     = {Querying Wikidata: Comparing SPARQL, Relational and Graph Databases},
  booktitle = {ISWC16},
  pages     = {88--103},
  year      = {2016},
  crossref  = {DBLP:conf/semweb/2016-2},
  url       = {https://doi.org/10.1007/978-3-319-46547-0_10},
  doi       = {10.1007/978-3-319-46547-0_10},
  timestamp = {Mon, 22 May 2017 17:10:58 +0200},
  biburl    = {http://dblp.uni-trier.de/rec/bib/conf/semweb/HernandezHRRZ16},
  bibsource = {dblp computer science bibliography, http://dblp.org}
}


@inproceedings{DBLP:conf/bigdataconf/JindalMCH15,
  author    = {Alekh Jindal and
               Samuel Madden and
               Mal{\'{u}} Castellanos and
               Meichun Hsu},
  title     = {Graph analytics using vertica relational database},
  booktitle = {BIGDATA15},
  pages     = {1191--1200},
  year      = {2015},
  url       = {https://doi.org/10.1109/BigData.2015.7363873},
  doi       = {10.1109/BigData.2015.7363873},
  timestamp = {Fri, 26 May 2017 00:51:47 +0200},
  biburl    = {http://dblp.uni-trier.de/rec/bib/conf/bigdataconf/JindalMCH15},
  bibsource = {dblp computer science bibliography, http://dblp.org}
}


@article{Petermann:2014:GDI:2733004.2733034,
 author = {Petermann, Andr{\'e} and Junghanns, Martin and M\"{u}ller, Robert and Rahm, Erhard},
 title = {Graph-based Data Integration and Business Intelligence with BIIIG},
 journal = {PVLDB},
 issue_date = {August 2014},
 volume = {7},
 number = {13},
 month = aug,
 year = {2014},
 issn = {2150-8097},
 pages = {1577--1580},
 numpages = {4},
 url = {http://dx.doi.org/10.14778/2733004.2733034},
 doi = {10.14778/2733004.2733034},
 acmid = {2733034},
 publisher = {VLDB Endowment},
} 

@inproceedings{DBLP:conf/iccsa/ZazaBGFSC17,
  author    = {Claudio Zaza and
               Sandro Bimonte and
               Crescenzio Gallo and
               Nicola Faccilongo and
               Piermichele La Sala and
               Francesco Cont{\`{o}}},
  title     = {{OLAP} Analysis of Integrated Pest Management's Defense Rules: Application
               to Olive Crop in Apulia Region},
  booktitle = {ICCSA},
  pages     = {31--44},
  year      = {2017},
  crossref  = {DBLP:conf/iccsa/2017-2},
  url       = {https://doi.org/10.1007/978-3-319-62395-5_3},
  doi       = {10.1007/978-3-319-62395-5_3},
  timestamp = {Thu, 06 Jul 2017 17:48:20 +0200},
  biburl    = {http://dblp.uni-trier.de/rec/bib/conf/iccsa/ZazaBGFSC17},
  bibsource = {dblp computer science bibliography, http://dblp.org}
}

@article{DBLP:journals/tii/FangXZAPYL14,
  author    = {Shifeng Fang and
               Li Da Xu and
               Yunqiang Zhu and
               Jiaerheng Ahati and
               Huan Pei and
               Jianwu Yan and
               Zhihui Liu},
  title     = {An Integrated System for Regional Environmental Monitoring and Management
               Based on Internet of Things},
  journal   = {{IEEE} Trans. Industrial Informatics},
  volume    = {10},
  number    = {2},
  pages     = {1596--1605},
  year      = {2014},
  url       = {https://doi.org/10.1109/TII.2014.2302638},
  doi       = {10.1109/TII.2014.2302638},
  timestamp = {Sat, 20 May 2017 00:26:00 +0200},
  biburl    = {http://dblp.uni-trier.de/rec/bib/journals/tii/FangXZAPYL14},
  bibsource = {dblp computer science bibliography, http://dblp.org}
}


@article{DBLP:journals/ijcomsys/XiaYWV12,
  author    = {Feng Xia and
               Laurence T. Yang and
               Lizhe Wang and
               Alexey V. Vinel},
  title     = {Internet of Things},
  journal   = {Int. J. Communication Systems},
  volume    = {25},
  number    = {9},
  pages     = {1101--1102},
  year      = {2012},
  url       = {https://doi.org/10.1002/dac.2417},
  doi       = {10.1002/dac.2417},
  timestamp = {Tue, 06 Jun 2017 22:27:59 +0200},
  biburl    = {http://dblp.uni-trier.de/rec/bib/journals/ijcomsys/XiaYWV12},
  bibsource = {dblp computer science bibliography, http://dblp.org}
}

@inproceedings{DBLP:conf/ismis/CuzzocreaL12,
  author    = {Alfredo Cuzzocrea and
               Carson Kai{-}Sang Leung},
  title     = {Efficiently Compressing {OLAP} Data Cubes via R-Tree Based Recursive
               Partitions},
  booktitle = {Proc. Foundations of Intelligent Systems 20th Int. Symposium},
  pages     = {455--465},
  year      = {2012},
  url       = {https://doi.org/10.1007/978-3-642-34624-8_51},
  doi       = {10.1007/978-3-642-34624-8_51},
  timestamp = {Thu, 20 Jul 2017 16:44:36 +0200},
  biburl    = {http://dblp.uni-trier.de/rec/bib/conf/ismis/CuzzocreaL12},
  bibsource = {dblp computer science bibliography, http://dblp.org}
}

@inproceedings{DBLP:conf/dawak/LawrenceR06,
  author    = {Michael Lawrence and
               Andrew Rau{-}Chaplin},
  title     = {Dynamic View Selection for {OLAP}},
  booktitle = {DaWak06},
  pages     = {33--44},
  year      = {2006},
  crossref  = {DBLP:conf/dawak/2006},
  url       = {https://doi.org/10.1007/11823728_4},
  doi       = {10.1007/11823728_4},
  timestamp = {Fri, 02 Jun 2017 13:01:07 +0200},
  biburl    = {http://dblp.uni-trier.de/rec/bib/conf/dawak/LawrenceR06},
  bibsource = {dblp computer science bibliography, http://dblp.org}
}

@article{DBLP:journals/kais/DrzadzewskiT16,
  author    = {Grzegorz Drzadzewski and
               Frank Wm. Tompa},
  title     = {Partial materialization for online analytical processing over multi-tagged
               document collections},
  journal   = {Knowl. Inf. Syst.},
  volume    = {47},
  number    = {3},
  pages     = {697--732},
  year      = {2016},
  url       = {https://doi.org/10.1007/s10115-015-0871-2},
  doi       = {10.1007/s10115-015-0871-2},
  timestamp = {Wed, 26 Jul 2017 16:39:58 +0200},
  biburl    = {http://dblp.uni-trier.de/rec/bib/journals/kais/DrzadzewskiT16},
  bibsource = {dblp computer science bibliography, http://dblp.org}
}

@inproceedings{DBLP:conf/edbt/SwamiS94,
  author    = {Arun N. Swami and
               K. Bernhard Schiefer},
  title     = {On the Estimation of Join Result Sizes},
  booktitle = {EDBT94},
  pages     = {287--300},
  year      = {1994},
  url       = {https://doi.org/10.1007/3-540-57818-8_58},
  doi       = {10.1007/3-540-57818-8_58},
  timestamp = {Sat, 20 May 2017 15:32:50 +0200},
  biburl    = {http://dblp.uni-trier.de/rec/bib/conf/edbt/SwamiS94},
  bibsource = {dblp computer science bibliography, http://dblp.org}
}

@inproceedings{DBLP:conf/pods/Chaudhuri98,
  author    = {Surajit Chaudhuri},
  title     = {An Overview of Query Optimization in Relational Systems},
  booktitle = {PODS98},
  pages     = {34--43},
  year      = {1998},
  url       = {http://doi.acm.org/10.1145/275487.275492},
  doi       = {10.1145/275487.275492},
  timestamp = {Wed, 29 Mar 2017 16:45:24 +0200},
  biburl    = {http://dblp.uni-trier.de/rec/bib/conf/pods/Chaudhuri98},
  bibsource = {dblp computer science bibliography, http://dblp.org}
}

@article{DBLP:journals/dr/Ozsoyoglu99,
  author    = {Z. Meral {\"{O}}zsoyoglu},
  title     = {Review - Using Semi-Joins to Solve Relational Queries},
  journal   = {{ACM} {SIGMOD} Digital Review},
  volume    = {1},
  year      = {1999},
  url       = {db/journals/dr/Ozsoyoglu99.html},
  timestamp = {Sun, 09 Jul 2017 09:10:14 +0200},
  biburl    = {http://dblp.uni-trier.de/rec/bib/journals/dr/Ozsoyoglu99},
  bibsource = {dblp computer science bibliography, http://dblp.org}
}

@article{DBLP:journals/kais/LinK04,
  author    = {Wen{-}Yang Lin and
               I{-}Chung Kuo},
  title     = {A Genetic Selection Algorithm for {OLAP} Data Cubes},
  journal   = {Knowl. Inf. Syst.},
  volume    = {6},
  number    = {1},
  pages     = {83--102},
  year      = {2004},
  url       = {https://doi.org/10.1007/10.1007/s10115-003-0093-x},
  doi       = {10.1007/10.1007/s10115-003-0093-x},
  timestamp = {Sun, 28 May 2017 13:24:50 +0200},
  biburl    = {http://dblp.uni-trier.de/rec/bib/journals/kais/LinK04},
  bibsource = {dblp computer science bibliography, http://dblp.org}
}

@article{DBLP:journals/ipl/NourineR99,
  author    = {Lhouari Nourine and
               Olivier Raynaud},
  title     = {A Fast Algorithm for Building Lattices},
  journal   = {Inf. Process. Lett.},
  volume    = {71},
  number    = {5-6},
  pages     = {199--204},
  year      = {1999},
  url       = {https://doi.org/10.1016/S0020-0190(99)00108-8},
  doi       = {10.1016/S0020-0190(99)00108-8},
  timestamp = {Fri, 26 May 2017 22:54:45 +0200},
  biburl    = {http://dblp.uni-trier.de/rec/bib/journals/ipl/NourineR99},
  bibsource = {dblp computer science bibliography, http://dblp.org}
}


@inproceedings{DBLP:conf/icdm/GoudaZ01,
  author    = {Karam Gouda and
               Mohammed Javeed Zaki},
  title     = {Efficiently Mining Maximal Frequent Itemsets},
  booktitle = {ICDM01},
  pages     = {163--170},
  year      = {2001},
  crossref  = {DBLP:conf/icdm/2001},
  url       = {https://doi.org/10.1109/ICDM.2001.989514},
  doi       = {10.1109/ICDM.2001.989514},
  timestamp = {Fri, 26 May 2017 00:49:28 +0200},
  biburl    = {http://dblp.uni-trier.de/rec/bib/conf/icdm/GoudaZ01},
  bibsource = {dblp computer science bibliography, http://dblp.org}
}