@STRING{UMI         = {UMI Research Press}}
@STRING{NORHOL      = {North-Holland}}
@STRING{ACADEMIC    = {Academic Press}}
@STRING{ADDISON     = {Addison Wesley}}
@STRING{CSPRESS     = {Computer Science Press}}
@STRING{ELSEVIER    = {Elsevier Science Publishers}}
@STRING{FREEMAN     = {W.H. Freeman and Company}}
@STRING{MCGRAW      = {McGraw-Hill}}
@STRING{MITP        = {M.I.T. Press}}
@STRING{PRHALL      = {Prentice-Hall}}
@STRING{SPRINGER    = {Springer}}
@STRING{WILEY       = {John Wiley \& Sons}}
@STRING{WINTH       = {Winthrop Publishers}}
@STRING{MCMIL       = {Macmillan}}
@STRING{PEARSON     = {Pearson}}
@STRING{IEEE        = {IEEE Press}}
@STRING{IEEECS      = {IEEE Computer Society Press}}
@STRING{ACM         = {ACM}}
@STRING{BJCO        = {The Benjamin/Cummings Publishing Company}}
@STRING{MORGAN      = {Morgan Kaufmann}}
@STRING{IDEA        = {Idea Group Publishers}}
@STRING{CRC         = {CRC Press}}
@STRING{CAMBRIDGE   = {Cambridge University Press}}
@STRING{KLUWER      = {Kluwer Academic Publishers}}
@STRING{BLACKWELL   = {Blackwell Scientific Publications}}
@STRING{RESTON      = {Reston Publishing Co.}}
@STRING{DIGITAL     = {Digital Press}}
@STRING{MC     = {Morgan \& Claypool}}
