% Bibliography of key references for "LaTeX for Thesis and Large Documents"
% For use with BibTeX

@book{goossens.book,
	author =	"Michel Goossens and Frank Mittelbach and 
			 Alexander Samarin",
	title =		"The \LaTeX\ Companion",
	year = 		"1994",
	publisher =	"Addison-Wesley",
	address = 	"Reading, Massachusetts"
}

@book{knuth.book,
        author =        "Donald Knuth",
        title =         "The \TeX book",
        year =          "1986",
        publisher =     "Addison-Wesley",
        address =       "Reading, Massachusetts"
}

@book{lamport.book,
	author =        "Leslie Lamport",
	title =         "\LaTeX\ --- A Document Preparation System",
        edition =       "Second",
	year = 		"1994",
	publisher = 	"Addison-Wesley",
	address =       "Reading, Massachusetts"
}

@inproceedings{DBLP:conf/sc/HongDMLVC15,
  author    = {Sungpack Hong and
               Siegfried Depner and
               Thomas Manhardt and
               Jan Van Der Lugt and
               Merijn Verstraaten and
               Hassan Chafi},
  title     = {{PGX.D:} a fast distributed graph processing engine},
  booktitle = {Proceedings of the International Conference for High Performance Computing,
               Networking, Storage and Analysis, {SC} 2015, Austin, TX, USA, November
               15-20, 2015},
  pages     = {58:1--58:12},
  year      = {2015},
  url       = {http://doi.acm.org/10.1145/2807591.2807620},
  doi       = {10.1145/2807591.2807620},
  timestamp = {Tue, 03 Nov 2015 13:08:57 +0100},
  biburl    = {http://dblp.uni-trier.de/rec/bib/conf/sc/HongDMLVC15},
  bibsource = {dblp computer science bibliography, http://dblp.org}
}

@inproceedings{DBLP:conf/sofsem/JakawatFL16,
  author    = {Wararat Jakawat and
               C{\'{e}}cile Favre and
               Sabine Loudcher},
  title     = {{OLAP} Cube-based Graph Approach for Bibliographic Data},
  booktitle = {Proceedings of Student Research Forum Papers and Posters at {SOFSEM}
               2016 co-located with 42nd International Conference on Current Trends
               in Theory and Practice of Computer Science {(SOFSEM} 2016), Harrachov,
               Czech Republic, January 23-28, 2016.},
  pages     = {87--99},
  year      = {2016},
  url       = {http://ceur-ws.org/Vol-1548/087-Jakawat.pdf},
  timestamp = {Mon, 30 May 2016 16:28:37 +0200},
  biburl    = {http://dblp.uni-trier.de/rec/bib/conf/sofsem/JakawatFL16},
  bibsource = {dblp computer science bibliography, http://dblp.org}
}

@inproceedings{DBLP:conf/esws/MaaliCD15,
  author    = {Fadi Maali and
               St{\'{e}}phane Campinas and
               Stefan Decker},
  title     = {Gagg: {A} Graph Aggregation Operator},
  booktitle = {The Semantic Web. Latest Advances and New Domains - 12th European
               Semantic Web Conference, {ESWC} 2015, Portoroz, Slovenia, May 31 -
               June 4, 2015. Proceedings},
  pages     = {491--504},
  year      = {2015},
  url       = {https://doi.org/10.1007/978-3-319-18818-8_30},
  doi       = {10.1007/978-3-319-18818-8_30},
  timestamp = {Thu, 15 Jun 2017 21:40:11 +0200},
  biburl    = {http://dblp.uni-trier.de/rec/bib/conf/esws/MaaliCD15},
  bibsource = {dblp computer science bibliography, http://dblp.org}
}

@inproceedings{DBLP:conf/icde/WangFWTAA14,
  author    = {Zhengkui Wang and
               Qi Fan and
               Huiju Wang and
               Kian{-}Lee Tan and
               Divyakant Agrawal and
               Amr {El Abbadi}},
  title     = {Pagrol: Parallel graph olap over large-scale attributed graphs},
  booktitle = {{IEEE} 30th International Conference on Data Engineering, Chicago,
               {ICDE} 2014, IL, USA, March 31 - April 4, 2014},
  pages     = {496--507},
  year      = {2014},
  url       = {https://doi.org/10.1109/ICDE.2014.6816676},
  doi       = {10.1109/ICDE.2014.6816676},
  timestamp = {Wed, 17 May 2017 10:55:14 +0200},
  biburl    = {http://dblp.uni-trier.de/rec/bib/conf/icde/WangFWTAA14},
  bibsource = {dblp computer science bibliography, http://dblp.org}
}

@inproceedings{DBLP:conf/sigmod/ZhaoLXH11,
  author    = {Peixiang Zhao and
               Xiaolei Li and
               Dong Xin and
               Jiawei Han},
  title     = {Graph cube: on warehousing and {OLAP} multidimensional networks},
  booktitle = {Proceedings of the {ACM} {SIGMOD} International Conference on Management
               of Data, {SIGMOD} 2011, Athens, Greece, June 12-16, 2011},
  pages     = {853--864},
  year      = {2011},
  url       = {http://doi.acm.org/10.1145/1989323.1989413},
  doi       = {10.1145/1989323.1989413},
  timestamp = {Mon, 05 Jun 2017 13:20:21 +0200},
  biburl    = {http://dblp.uni-trier.de/rec/bib/conf/sigmod/ZhaoLXH11},
  bibsource = {dblp computer science bibliography, http://dblp.org}
}

@inproceedings{DBLP:conf/icdm/ChenYZHY08,
  author    = {Chen Chen and
               Xifeng Yan and
               Feida Zhu and
               Jiawei Han and
               Philip S. Yu},
  title     = {Graph {OLAP:} Towards Online Analytical Processing on Graphs},
  booktitle = {Proceedings of the 8th {IEEE} International Conference on Data Mining
               {(ICDM} 2008), December 15-19, 2008, Pisa, Italy},
  pages     = {103--112},
  year      = {2008},
  url       = {https://doi.org/10.1109/ICDM.2008.30},
  doi       = {10.1109/ICDM.2008.30},
  timestamp = {Thu, 15 Jun 2017 21:37:52 +0200},
  biburl    = {http://dblp.uni-trier.de/rec/bib/conf/icdm/ChenYZHY08},
  bibsource = {dblp computer science bibliography, http://dblp.org}
}

@inproceedings{DBLP:conf/oopsla/Webber12,
  author    = {Jim Webber},
  title     = {A programmatic introduction to Neo4j},
  booktitle = {Conference on Systems, Programming, and Applications: Software for
               Humanity, {SPLASH} '12, Tucson, AZ, USA, October 21-25, 2012},
  pages     = {217--218},
  year      = {2012},
  url       = {http://doi.acm.org/10.1145/2384716.2384777},
  doi       = {10.1145/2384716.2384777},
  timestamp = {Fri, 19 Oct 2012 08:42:46 +0200},
  biburl    = {http://dblp.uni-trier.de/rec/bib/conf/oopsla/Webber12},
  bibsource = {dblp computer science bibliography, http://dblp.org}
}

@inproceedings{DBLP:conf/sigmod/BeyerR99,
  author    = {Kevin S. Beyer and
               Raghu Ramakrishnan},
  title     = {Bottom-Up Computation of Sparse and Iceberg CUBEs},
  booktitle = {{SIGMOD} 1999, Proceedings {ACM} {SIGMOD} International Conference
               on Management of Data, June 1-3, 1999, Philadelphia, Pennsylvania,
               {USA.}},
  pages     = {359--370},
  year      = {1999},
  url       = {http://doi.acm.org/10.1145/304182.304214},
  doi       = {10.1145/304182.304214},
  timestamp = {Wed, 29 Mar 2017 16:45:22 +0200},
  biburl    = {http://dblp.uni-trier.de/rec/bib/conf/sigmod/BeyerR99},
  bibsource = {dblp computer science bibliography, http://dblp.org}
}

@article{DBLP:journals/datamine/GrayCBLRVPP97,
  author    = {Jim Gray and
               Surajit Chaudhuri and
               Adam Bosworth and
               Andrew Layman and
               Don Reichart and
               Murali Venkatrao and
               Frank Pellow and
               Hamid Pirahesh},
  title     = {Data Cube: {A} Relational Aggregation Operator Generalizing Group-by,
               Cross-Tab, and Sub Totals},
  journal   = {Data Min. Knowl. Discov.},
  volume    = {1},
  number    = {1},
  pages     = {29--53},
  year      = {1997},
  url       = {https://doi.org/10.1023/A:1009726021843},
  doi       = {10.1023/A:1009726021843},
  timestamp = {Sat, 20 May 2017 00:25:07 +0200},
  biburl    = {http://dblp.uni-trier.de/rec/bib/journals/datamine/GrayCBLRVPP97},
  bibsource = {dblp computer science bibliography, http://dblp.org}
}

@inproceedings{DBLP:conf/sigmod/ZhaoDN97,
  author    = {Yihong Zhao and
               Prasad Deshpande and
               Jeffrey F. Naughton},
  title     = {An Array-Based Algorithm for Simultaneous Multidimensional Aggregates},
  booktitle = {{SIGMOD} 1997, Proceedings {ACM} {SIGMOD} International Conference
               on Management of Data, May 13-15, 1997, Tucson, Arizona, {USA.}},
  pages     = {159--170},
  year      = {1997},
  url       = {http://doi.acm.org/10.1145/253260.253288},
  doi       = {10.1145/253260.253288},
  timestamp = {Wed, 29 Mar 2017 16:45:22 +0200},
  biburl    = {http://dblp.uni-trier.de/rec/bib/conf/sigmod/ZhaoDN97},
  bibsource = {dblp computer science bibliography, http://dblp.org}
}

@article{Petermann:2014:GDI:2733004.2733034,
 author = {Petermann, Andr{\'e} and Junghanns, Martin and M\"{u}ller, Robert and Rahm, Erhard},
 title = {Graph-based Data Integration and Business Intelligence with BIIIG},
 journal = {Proc. VLDB Endow.},
 issue_date = {August 2014},
 volume = {7},
 number = {13},
 month = aug,
 year = {2014},
 issn = {2150-8097},
 pages = {1577--1580},
 numpages = {4},
 url = {http://dx.doi.org/10.14778/2733004.2733034},
 doi = {10.14778/2733004.2733034},
 acmid = {2733034},
 publisher = {VLDB Endowment},
} 